<?xml version="1.0" encoding="UTF-8"?>
<searchRetrieveResponse xmlns="http://www.loc.gov/zing/srw/"><version>1.1</version><numberOfRecords>1</numberOfRecords><records><record><recordSchema>MARC21-xml</recordSchema><recordPacking>xml</recordPacking><recordData><record xmlns="http://www.loc.gov/MARC21/slim" type="Bibliographic">
    <leader>00000pam a2200000 cc4500</leader>
    <controlfield tag="001">1232938009</controlfield>
    <controlfield tag="003">DE-101</controlfield>
    <controlfield tag="005">20211124220141.0</controlfield>
    <controlfield tag="007">tu</controlfield>
    <controlfield tag="008">210506s2021    gw ||||| |||| 00||||ger  </controlfield>
    <datafield tag="015" ind1=" " ind2=" ">
      <subfield code="a">21,A47</subfield>
      <subfield code="z">21,N19</subfield>
      <subfield code="2">dnb</subfield>
    </datafield>
    <datafield tag="016" ind1="7" ind2=" ">
      <subfield code="2">DE-101</subfield>
      <subfield code="a">1232938009</subfield>
    </datafield>
    <datafield tag="020" ind1=" " ind2=" ">
      <subfield code="c">Broschur</subfield>
    </datafield>
    <datafield tag="020" ind1=" " ind2=" ">
      <subfield code="a">9783462001310</subfield>
      <subfield code="c">Broschur : EUR 11.00 (DE), EUR 11.40 (AT)</subfield>
      <subfield code="9">978-3-462-00131-0</subfield>
    </datafield>
    <datafield tag="020" ind1=" " ind2=" ">
      <subfield code="a">3462001310</subfield>
      <subfield code="9">3-462-00131-0</subfield>
    </datafield>
    <datafield tag="024" ind1="3" ind2=" ">
      <subfield code="a">9783462001310</subfield>
    </datafield>
    <datafield tag="028" ind1="5" ind2="2">
      <subfield code="a">Bestellnummer: 4004052</subfield>
    </datafield>
    <datafield tag="035" ind1=" " ind2=" ">
      <subfield code="a">(DE-599)DNB1232938009</subfield>
    </datafield>
    <datafield tag="035" ind1=" " ind2=" ">
      <subfield code="a">(OCoLC)1266374982</subfield>
    </datafield>
    <datafield tag="035" ind1=" " ind2=" ">
      <subfield code="a">(OCoLC)1250358061</subfield>
    </datafield>
    <datafield tag="040" ind1=" " ind2=" ">
      <subfield code="a">1145</subfield>
      <subfield code="b">ger</subfield>
      <subfield code="c">DE-101</subfield>
      <subfield code="d">9999</subfield>
      <subfield code="e">rda</subfield>
    </datafield>
    <datafield tag="041" ind1=" " ind2=" ">
      <subfield code="a">ger</subfield>
    </datafield>
    <datafield tag="044" ind1=" " ind2=" ">
      <subfield code="c">XA-DE</subfield>
    </datafield>
    <datafield tag="082" ind1="7" ind2="4">
      <subfield code="a">430</subfield>
      <subfield code="q">DE-101</subfield>
      <subfield code="2">23sdnb</subfield>
    </datafield>
    <datafield tag="100" ind1="1" ind2=" ">
      <subfield code="0">(DE-588)129341738</subfield>
      <subfield code="0">https://d-nb.info/gnd/129341738</subfield>
      <subfield code="0">(DE-101)129341738</subfield>
      <subfield code="a">Sick, Bastian</subfield>
      <subfield code="d">1965-</subfield>
      <subfield code="e">Verfasser</subfield>
      <subfield code="4">aut</subfield>
      <subfield code="2">gnd</subfield>
    </datafield>
    <datafield tag="245" ind1="1" ind2="0">
      <subfield code="a">Wie gut ist ihr Deutsch?</subfield>
      <subfield code="n">3.</subfield>
      <subfield code="p">Dem großen Test sein dritter Teil</subfield>
      <subfield code="c">Bastian Sick</subfield>
    </datafield>
    <datafield tag="250" ind1=" " ind2=" ">
      <subfield code="a">1. Auflage</subfield>
    </datafield>
    <datafield tag="264" ind1="3" ind2="1">
      <subfield code="a">Köln</subfield>
      <subfield code="b">Kiepenheuer &amp; Witsch</subfield>
      <subfield code="c">2021</subfield>
    </datafield>
    <datafield tag="300" ind1=" " ind2=" ">
      <subfield code="a">255 Seiten</subfield>
      <subfield code="b">Illustrationen</subfield>
      <subfield code="c">19 cm, 351 g</subfield>
    </datafield>
    <datafield tag="336" ind1=" " ind2=" ">
      <subfield code="a">Text</subfield>
      <subfield code="b">txt</subfield>
      <subfield code="2">rdacontent</subfield>
    </datafield>
    <datafield tag="337" ind1=" " ind2=" ">
      <subfield code="a">ohne Hilfsmittel zu benutzen</subfield>
      <subfield code="b">n</subfield>
      <subfield code="2">rdamedia</subfield>
    </datafield>
    <datafield tag="338" ind1=" " ind2=" ">
      <subfield code="a">Band</subfield>
      <subfield code="b">nc</subfield>
      <subfield code="2">rdacarrier</subfield>
    </datafield>
    <datafield tag="490" ind1="1" ind2=" ">
      <subfield code="a">KiWi</subfield>
      <subfield code="v">1807</subfield>
    </datafield>
    <datafield tag="653" ind1=" " ind2=" ">
      <subfield code="a">(Produktform)Paperback / softback</subfield>
    </datafield>
    <datafield tag="653" ind1=" " ind2=" ">
      <subfield code="a">Bestseller-Autor</subfield>
    </datafield>
    <datafield tag="653" ind1=" " ind2=" ">
      <subfield code="a">Wissenstest</subfield>
    </datafield>
    <datafield tag="653" ind1=" " ind2=" ">
      <subfield code="a">Deutschtest</subfield>
    </datafield>
    <datafield tag="653" ind1=" " ind2=" ">
      <subfield code="a">Humor</subfield>
    </datafield>
    <datafield tag="653" ind1=" " ind2=" ">
      <subfield code="a">Der Dativ ist dem Genitiv sein Tod</subfield>
    </datafield>
    <datafield tag="653" ind1=" " ind2=" ">
      <subfield code="a">Happy Aua</subfield>
    </datafield>
    <datafield tag="653" ind1=" " ind2=" ">
      <subfield code="a">Zwiebelfisch-Kolumne</subfield>
    </datafield>
    <datafield tag="653" ind1=" " ind2=" ">
      <subfield code="a">Sprachquiz</subfield>
    </datafield>
    <datafield tag="653" ind1=" " ind2=" ">
      <subfield code="a">Deutsch-Quiz</subfield>
    </datafield>
    <datafield tag="653" ind1=" " ind2=" ">
      <subfield code="a">Sprachtest</subfield>
    </datafield>
    <datafield tag="653" ind1=" " ind2=" ">
      <subfield code="a">(VLB-WN)2916: Taschenbuch / Sachbücher/Lexika, Nachschlagewerke/Listenbücher</subfield>
    </datafield>
    <datafield tag="710" ind1="2" ind2=" ">
      <subfield code="8">1\p</subfield>
      <subfield code="0">(DE-588)2025675-9</subfield>
      <subfield code="0">https://d-nb.info/gnd/2025675-9</subfield>
      <subfield code="0">(DE-101)004827147</subfield>
      <subfield code="a">Verlag Kiepenheuer &amp; Witsch</subfield>
      <subfield code="e">Verlag</subfield>
      <subfield code="4">pbl</subfield>
      <subfield code="2">gnd</subfield>
    </datafield>
    <datafield tag="773" ind1="0" ind2="8">
      <subfield code="q">13</subfield>
      <subfield code="w">(DE-101)1245800434</subfield>
    </datafield>
    <datafield tag="776" ind1="0" ind2="8">
      <subfield code="i">Erscheint auch als</subfield>
      <subfield code="n">Online-Ausgabe</subfield>
      <subfield code="t">Wie gut ist Ihr Deutsch? 3</subfield>
      <subfield code="d">Köln : Kiepenheuer &amp; Witsch eBook, 2021</subfield>
      <subfield code="h">Online-Ressource, 256 Seiten, farbig, zahlr. Abb.</subfield>
      <subfield code="w">(DE-101)1245712101</subfield>
      <subfield code="b">1. Auflage</subfield>
    </datafield>
    <datafield tag="830" ind1=" " ind2="0">
      <subfield code="a">KiWi</subfield>
      <subfield code="v">1807</subfield>
      <subfield code="w">(DE-101)010432752</subfield>
      <subfield code="w">(DE-600)49319-3</subfield>
      <subfield code="9">41807</subfield>
      <subfield code="7">as</subfield>
    </datafield>
    <datafield tag="850" ind1=" " ind2=" ">
      <subfield code="a">DE-101a</subfield>
      <subfield code="a">DE-101b</subfield>
    </datafield>
    <datafield tag="856" ind1="4" ind2="2">
      <subfield code="m">X:MVB</subfield>
      <subfield code="q">text/html</subfield>
      <subfield code="u">http://deposit.dnb.de/cgi-bin/dokserv?id=59cdc805de574377b606c7cc620565ae&amp;prov=M&amp;dok_var=1&amp;dok_ext=htm</subfield>
      <subfield code="3">Inhaltstext</subfield>
    </datafield>
    <datafield tag="856" ind1="4" ind2="2">
      <subfield code="m">B:DE-101</subfield>
      <subfield code="q">application/pdf</subfield>
      <subfield code="u">https://d-nb.info/1232938009/04</subfield>
      <subfield code="3">Inhaltsverzeichnis</subfield>
    </datafield>
    <datafield tag="883" ind1="1" ind2=" ">
      <subfield code="8">1\p</subfield>
      <subfield code="a">adb</subfield>
      <subfield code="d">20210506</subfield>
      <subfield code="q">DE-101</subfield>
      <subfield code="u">https://d-nb.info/provenance/plan#adb</subfield>
    </datafield>
    <datafield tag="925" ind1="r" ind2=" ">
      <subfield code="a">ra</subfield>
    </datafield>
    <datafield tag="926" ind1="1" ind2=" ">
      <subfield code="a">WDKX</subfield>
      <subfield code="o">93</subfield>
      <subfield code="q">Publisher</subfield>
      <subfield code="v">1.4</subfield>
      <subfield code="x">Wissenswertes und Quizfragen</subfield>
    </datafield>
    <datafield tag="926" ind1="2" ind2=" ">
      <subfield code="a">CB</subfield>
      <subfield code="o">93</subfield>
      <subfield code="q">Publisher</subfield>
      <subfield code="v">1.4</subfield>
      <subfield code="x">Sprache, allgemein und Nachschlagewerke</subfield>
    </datafield>
    <datafield tag="926" ind1="2" ind2=" ">
      <subfield code="a">CFK</subfield>
      <subfield code="o">93</subfield>
      <subfield code="q">Publisher</subfield>
      <subfield code="v">1.4</subfield>
      <subfield code="x">Grammatik, Syntax und Morphologie</subfield>
    </datafield>
    <datafield tag="926" ind1="2" ind2=" ">
      <subfield code="a">2ACG</subfield>
      <subfield code="o">95</subfield>
      <subfield code="q">Publisher</subfield>
      <subfield code="v">1.4</subfield>
      <subfield code="x">Deutsch</subfield>
    </datafield>
  </record></recordData><recordPosition>1</recordPosition></record></records><echoedSearchRetrieveRequest><version>1.1</version><query>num=9783462001313</query><xQuery xmlns:xsi="http://www.w3.org/2001/XMLSchema-instance" xsi:nil="true"/><maximumRecords>1</maximumRecords><recordSchema>MARC21-xml</recordSchema></echoedSearchRetrieveRequest></searchRetrieveResponse>